<?xml version="1.0" encoding="UTF-8"?><collection xmlns="http://www.loc.gov/MARC21/slim"><record><leader>00381nam--2200157-i-4500</leader><controlfield tag="001">000037774</controlfield><controlfield tag="002">20161230</controlfield><controlfield tag="005">20170111224115</controlfield><controlfield tag="008">060222s1000------------r-----000-0-eng-d</controlfield><datafield ind1=" " ind2=" " tag="100"><subfield code="a">Raman, C. V</subfield></datafield><datafield ind1=" " ind2=" " tag="245"><subfield code="a">The diamond</subfield></datafield><datafield ind1=" " ind2=" " tag="260"><subfield code="a">Bangalore</subfield><subfield code="c">1956</subfield></datafield><datafield ind1=" " ind2=" " tag="300"><subfield code="a">/99-110/p. Cu Fig</subfield></datafield><datafield ind1=" " ind2=" " tag="490"><subfield code="a">Memoirs Of The Raman Research Inst</subfield></datafield><datafield ind1=" " ind2=" " tag="852"><subfield code="a">5958</subfield></datafield><datafield ind1=" " ind2=" " tag="CAT"><subfield code="a">SYS</subfield><subfield code="c">20170111</subfield><subfield code="h">224115</subfield></datafield></record></collection>